@misc{codata,
	Author = {P.J. Mohr and B.N. Taylor and D.B. Newell},
	Howpublished = {\url{http://physics.nist.gov/constants}},
	Note = {(Online; accessed 2015-11-26)},
	Title = {{2014 CODATA Recommended Values of the Fundamental Physical Constants}},
	Year = {2015}}
