

@article{jayathissa2016parametric:1,
  title={Parametric Design Environment for Kinetic Photovoltaic Architecture},
  author={Jayathissa, P and Caranovic, S and Hofer, J and Nagy, Z and Schlueter, A},
  journal={In Production},
  volume={},
  pages={},
  year={2017},
  publisher={Elsevier}
}

@article{jayathissa2016optimise:2,
  title={Optimising Building Net Energy Demand with Dynamic BIPV shading},
  author={Jayathissa, P and Luzzatto, M and Schmidl, J and Hofer, J and Nagy, Z and Schlueter, A},
  journal={Applied Energy},
  volume={},
  pages={},
  year={2017},
  publisher={Elsevier}
}

@article{jayathissa2016life:3,
  title={Life cycle assessment of dynamic building integrated photovoltaics},
  author={Jayathissa, P and Jansen, M and Heeren, N and Nagy, Z and Schlueter, A},
  journal={Solar Energy Materials and Solar Cells},
  volume={156},
  pages={75--82},
  year={2016},
  publisher={Elsevier}
}

@inproceedings{jayathissa2016archetpye:6,
  title={Sensitivity of Building Properties and Use Types for the Application of Adaptive Photovoltaic Shading Systems},
  author={Jayathissa, Prageeth and Zarb, Justin and Hofer, Johannes and Schlueter, Arno},
  journal={Proceedings of the Advanced Building Skins Bern},
  year={2016},
  publisher={ABS Bern}
  }


@inproceedings{jayathissa2015abs:4,
  title={Numerical Simulation of Energy Performance and Construction of the Adaptive Solar Facade},
  author={Jayathissa, Prageeth and Nagy, Zoltan and Offedu, Nicola and Schlueter, Arno},
  journal={Proceedings of the Advanced Building Skins Graz},
  volume={2},
  pages={52--62},
  year={2015},
  publisher={TU Graz}
  }


@inproceedings{jayathissa2016PVSEC:5,
  title={Energy Performance of {PV} Modules as Adaptive Building Shading Systems},
  author={Jayathissa, Prageeth and Schmidli, Jeremias and Hofer, Johannes and Schlueter, Arno},
  journal={EU PVSEC 2016},
  year={2016},
  publisher={PVSEC}
  }

  @inproceedings{jayathissa2016abs:6,
  title={Structural and Architectural Integration of Adaptive Photovoltaic Modules},
  author={Jayathissa, Prageeth and Caranovic, Stefan and Begle, Moritz and Svetozarevic, Bratislav and Hofer, Johannes and  Nagy, Zoltan and Schlueter, Arno},
  journal={Proceedings of the Advanced Building Skins Bern},
  year={2016},
  publisher={ABS Bern}
  }

